<?xml version="1.0" encoding="UTF-8"?><record xmlns="http://www.loc.gov/MARC21/slim" xmlns:cinclude="http://apache.org/cocoon/include/1.0" xmlns:zs="http://www.loc.gov/zing/srw/">
  <leader>01378cz  a2200217n  4500</leader>
  <controlfield tag="001">n  86831864 </controlfield>
  <controlfield tag="003">DLC</controlfield>
  <controlfield tag="005">20150528073734.0</controlfield>
  <controlfield tag="008">860605n| azannaabn          |n aaa      </controlfield>
  <datafield tag="010" ind1=" " ind2=" ">
    <subfield code="a">n  86831864 </subfield>
  </datafield>
  <datafield tag="035" ind1=" " ind2=" ">
    <subfield code="a">(OCoLC)oca01599363</subfield>
  </datafield>
  <datafield tag="040" ind1=" " ind2=" ">
    <subfield code="a">DLC</subfield>
    <subfield code="b">eng</subfield>
    <subfield code="c">DLC</subfield>
    <subfield code="d">DLC</subfield>
    <subfield code="d">DNLM</subfield>
    <subfield code="e">rda</subfield>
  </datafield>
  <datafield tag="046" ind1=" " ind2=" ">
    <subfield code="f">19510805</subfield>
  </datafield>
  <datafield tag="100" ind1="1" ind2=" ">
    <subfield code="a">Farewell, Vernon T.</subfield>
  </datafield>
  <datafield tag="378" ind1=" " ind2=" ">
    <subfield code="q">Vernon Todd</subfield>
  </datafield>
  <datafield tag="670" ind1=" " ind2=" ">
    <subfield code="a">Using and understanding medical statistics, 1985:</subfield>
    <subfield code="b">t.p. (Vernon T. Farewell) p. [1] of cover, etc. (B. Math, M. Math (Waterloo), PhD (London); assoc. prof., U. of Wash., Dept. of Biostatistics, Seattle; assoc. mbr., Fred Hutchinson Cancer Res. Center, Div. of Public Health Sci., Seattle)</subfield>
  </datafield>
  <datafield tag="670" ind1=" " ind2=" ">
    <subfield code="a">nuc86-51694: Matthews, D.E. Using and understanding medical statistics, c1985</subfield>
    <subfield code="b">(hdg. on WaU rept.: Farewell, Vernon T.; usage: Vernon T. Farewell)</subfield>
  </datafield>
  <datafield tag="670" ind1=" " ind2=" ">
    <subfield code="a">Using and understanding medical statistics, 1988:</subfield>
    <subfield code="b">CIP t.p. (Vernon T. Farewell) t.p. verso (PhD (London), prof., Dept. of Statistics &amp; Actuarial Sci. &amp; Health, Univ. of Waterloo, Waterloo, Ont., Canada)</subfield>
  </datafield>
  <datafield tag="670" ind1=" " ind2=" ">
    <subfield code="a">NLM files, 1/25/88</subfield>
    <subfield code="b">(hdg.: Farewell, Vernon T.)</subfield>
  </datafield>
  <datafield tag="670" ind1=" " ind2=" ">
    <subfield code="a">AIDS epidemiology, 1992:</subfield>
    <subfield code="b">CIP t.p. (Vernon T. Farewell) data sheet (Dept. of Statistics and Actuarial Sci., Univ. of Waterloo, Waterloo, Ont., Canada; b. 8-5-51)</subfield>
  </datafield>
  <datafield tag="670" ind1=" " ind2=" ">
    <subfield code="a">Using and understanding medical statistics, 2015:</subfield>
    <subfield code="b">ECIP t.p. (Vernon Todd Farewell)</subfield>
  </datafield>
</record>